@inproceedings{kia1,
	author = {S. {Eckl} and D. {Krefft} and U. {Baumgarten}},
	year = {2015},
	month = {04},
	pages = {},
	title = {KIA4SM - Cooperative Integration Architecture for Future Smart Mobility Solutions}
}

@INPROCEEDINGS{vipin1,
author={K. {Vipin} and S. {Shreejith} and S. A. {Fahmy} and A. {Easwaran}},
booktitle={2014 IEEE International Conference on Cyber-Physical Systems, Networks, and Applications}, 
title={Mapping Time-Critical Safety-Critical Cyber Physical Systems to Hybrid FPGAs}, 
year={2014},
volume={},
number={},
pages={31-36},
doi={10.1109/CPSNA.2014.14}}

@INPROCEEDINGS{vipin2,
author={K. {Vipin}},
booktitle={2018 IEEE 61st International Midwest Symposium on Circuits and Systems (MWSCAS)}, 
title={CANNoC: An open-source NoC architecture for ECU consolidation}, 
year={2018},
volume={},
number={},
pages={940-943},
doi={10.1109/MWSCAS.2018.8624006}}

@INPROCEEDINGS{mundhenk1,
author={P. {Mundhenk} and G. {Tibba} and L. {Zhang} and F. {Reimann} and D. {Roy} and S. {Chakraborty}},
booktitle={2017 54th ACM/EDAC/IEEE Design Automation Conference (DAC)}, 
title={Dynamic platforms for uncertainty management in future automotive E/E architectures}, 
year={2017},
volume={},
number={},
pages={1-6},
doi={10.1145/3061639.3072950}}

@book{buttazzo1,
author={Giorgio C. {Buttazzo}},
title={Hard Real-Time Computing Systems},
year={2011},
doi={10.1007/978-1-4614-0676-1}}

@masterthesis{taieb1,
author={Sam {Taieb}},
title={Deep Learning Based Schedulability Analysis for Migration of Software Components at Runtime},
year={2019}
}

@masterthesis{utz1,
author={Tatjana {Utz}},
title={Vergleich von heuristischen und Deep Learning basierten Schedulability Analyse Verfahren f√ºr die Migration von Softwarekomponenten zur Laufzeit},
year={2019}
}

@masterthesis{blieninger1,
author={Bernhard {Blieninger}},
title={Online Machine Learning for improved decision making regarding the migration of automotive software components at runtime},
year={2019}
}
